2894 4818
727 357 815 426 10&

476 665 522 744 P.
548 665 784 744 VIRGILII
813 667 1071 746 MARONIS

397 941 1125 1078 AENEIDOS

591 1283 839 1377 LIBER
866 1287 954 1380 lX.

629 1542 903 1556 ..αδ-..ψ-

561 1739 840 1808 ARGUMEN
847 1737 975 1804 TUM.

263 1913 387 1974 AEnnn
412 1909 643 1992 conquirendis
669 1907 805 1971 ciuilis
832 1905 924 1990 opud
954 1904 1103 1972 Arcedm
1127 1927 1169 1973 oc
1191 1909 1329 1979 'luscos

219 2020 397 2096 occupato,
416 2009 548 2074 Turnus
570 2007 764 2074 admonetur
788 2028 810 2072 o
828 2007 962 2072 Junone
988 2028 1048 2091 per
1070 2007 1206 2090 Itidem,
1232 2019 1275 2080 ut
1295 2017 1329 2080 in

220 2097 405 2180 castrensis
422 2129 519 2174 novoe
542 2108 655 2192 'Irojee
673 2109 878 2172 munimenta
899 2110 1058 2191 impetum
1079 2109 1193 2176 faciat.
1239 2115 1330 2180 Tro·

214 2215 317 2300 janis,
339 2232 384 2276 ex
397 2211 512 2275 AEncoe
527 2209 738 2293 praescripto,
760 2227 826 2272 non
841 2209 1082 2291 egredientibus
1097 2213 1141 2275 ud
1153 2232 1329 2298 pugnam

217 2314 349 2378 Trunus
375 2329 488 2374 eorum
509 2329 625 2386 noves,
648 2309 767 2392 oppidi
788 2309 886 2372 lateri
908 2308 1075 2387 admotus,
1098 2318 1197 2395 porat
1210 2316 1315 2384 ineen

219 2417 316 2480 deret
346 2413 406 2476 sed
420 2413 499 2488 illae,
515 2431 590 2476 cum
605 2431 649 2474 ex
663 2409 767 2475 ldaeae
783 2410 889 2493 sylvae
903 2413 1040 2476 materia
1054 2412 1231 2482 fobricutae
1244 2418 1330 2486 olim

218 2517 372 2591 brissent,
395 2511 500 2577 Idaeue
514 2514 630 2576 metris
644 2511 806 2575 beneficio
820 2516 985 2576 mutentur
1004 2514 1150 2577 murinas
1165 2517 1200 2578 in
1216 2517 1329 2604 Nym.

81 2625 84 2634 *
218 2617 323 2699 phas:
355 2619 436 2690 nrm,
456 2619 554 2677 nocte
577 2613 774 2689 imminente,
801 2612 893 2676 circa
912 2613 1072 2696 oppidum
1084 2617 1242 2682 excubiae
1255 2619 1329 2685 dis-

219 2719 394 2804 ponuntur.
454 2711 589 2777 Interim
618 2712 767 2797 Trojani,
797 2710 837 2776 de
872 2715 1064 2780 revocando
1099 2735 1159 2800 per
1186 2721 1329 2786 nuntios

219 2819 329 2884 AEnea
342 2815 476 2891 soliciti,
501 2813 578 2878 dum
592 2815 676 2878 iuter
690 2833 727 2878 se
740 2813 942 2894 consultum
977 2815 1083 2879 Nisus
1095 2825 1128 2882 ct
1141 2817 1326 2904 Euryelos,

217 2937 280 3002 per
302 2915 412 2980 nobile
440 2915 630 2990 amiconum,
659 2913 742 2978 ultro
774 2913 959 2996 suscipiunt
985 2915 1070 2980 hanc
1099 2919 1325 3000 provinciam.

218 3017 360 3083 Lauduti
384 3016 428 3078 ub
450 3013 611 3092 Asconio,
627 3015 835 3100 dimissique,
857 3016 985 3082 coedem
1009 3017 1208 3083 liundorum
1221 3031 1326 3088 noctu

217 3137 373 3201 maguum
400 3117 542 3197 fuciunt3
585 3136 763 3202 eorumque
795 3119 912 3202 spoliis
939 3119 1045 3183 induti
1075 3120 1152 3184 dum
1181 3131 1324 3206 pergunt

217 3241 328 3306 porro,
348 3239 370 3284 a
388 3218 518 3284 Latinis
531 3219 699 3302 equitibus
719 3219 826 3283 obviis
839 3219 1048 3285 occiduntur.
1078 3217 1202 3304 Cupite
1215 3221 1325 3290 bustis

217 3322 330 3400 affixa,
353 3323 433 3386 etin
446 3323 566 3386 cestris
582 3327 704 3397 mecla,
727 3327 950 3402 agnoscuntur
971 3323 1087 3404 procul
1108 3343 1129 3386 e
1150 3322 1323 3406 lbojonis,

217 3428 251 3488 et
271 3426 435 3506 ingentem
456 3424 491 3486 in
513 3422 640 3507 oppido
667 3423 792 3487 luctum
814 3425 973 3500 excitent,
1002 3425 1186 3506 praesertim
1208 3427 1323 3492 mauis

216 3521 363 3607 Eupoli.
407 3523 539 3587 Turnus
550 3523 827 3608 oppugnationem
838 3543 931 3586 mune
940 3523 1108 3588 instauret.
1151 3522 1323 3592 Ascanius

148 3617 151 3624 ⁴
198 3622 408 3699 ,Numanum
430 3625 624 3688 insolentius
648 3623 845 3701 illudentem,
874 3627 997 3688 emisso
1017 3645 1037 3688 e
1059 3626 1161 3688 muris
1186 3629 1320 3709 mgiua,

216 3722 362 3806 configit.
408 3721 486 3800 Quo
501 3743 658 3789 successu
679 3725 755 3789 eluti
778 3723 953 3789 Pandarus
966 3731 1000 3790 ct
1016 3725 1124 3789 Bitias
1137 3732 1254 3810 portus
1269 3749 1321 3792 re-

217 3825 364 3900 cludunt,
389 3830 427 3889 et
456 3823 600 3890 Rutulos
629 3825 806 3890 subeuntes
835 3845 957 3905 magno
984 3831 1091 3908 struge
1118 3827 1318 3920 propellunt.

213 3925 344 3990 'liumus
366 3925 455 3990 fecto
470 3925 594 4010 impetu
621 3928 753 3992 taudem
769 3929 937 4012 irrumpit3
961 3930 1032 4006 sed,
1055 3929 1178 3994 eleusis
1199 3934 1317 4016 portis,

214 4023 359 4089 hostium
374 4025 581 4090 multitudine
596 4029 848 4107 circumventum,
873 4031 1034 4112 paulatim
1048 4029 1174 4096 recedit
1186 4033 1222 4096 iu
1242 4053 1319 4100 eam

214 4125 331 4207 oppidi
345 4133 473 4209 purtem
490 4135 591 4212 quom
606 4129 728 4214 Tybris
743 4129 900 4210 alluebat,
922 4138 956 4198 et
968 4137 1006 4198 ut
1028 4139 1100 4198 erut
1121 4141 1271 4200 mobis
1283 4135 1318 4200 in

140 4323 144 4334 Ι
214 4223 335 4289 flumen
348 4227 506 4293 desiliens
520 4230 565 4294 ud
579 4250 658 4296 suos
670 4237 784 4298 natatu
797 4233 978 4300 reuertitur.
