2880 4770
347 868 656 954 P.v1RG1L11
685 869 941 978 Minonis

277 1207 1009 1396 AEnnroos

454 1589 703 1708 nrssnn'
746 1621 835 1711 ιν.

508 1898 782 1914 m

435 2085 862 2162 ARGUMENTUM.'

135 2243 235 2310 Drno
251 2261 380 2310 amomo
393 2242 429 2308 in
444 2243 590 2312 AElrearn
606 2261 687 2308 suos
710 2242 817 2310 Annae
838 2244 942 2308 sorori
961 2246 1083 2328 aperit3
1107 2243 1193 2331 ejas·

100 2363 158 2428 qno
171 2345 316 2411 consilio
331 2346 478 2410 animum
494 2345 613 2430 adjicit
631 2345 675 2409 ad
694 2347 840 2430 nuptias.
883 2345 986 2423 luno,
999 2351 1037 2410 nt
1051 2347 1193 2414 AEnoam

99 2445 136 2509 ab
160 2445 262 2512 ltalia
281 2445 435 2524 deducat,
457 2448 528 2530 agit
549 2469 625 2512 cum
646 2445 775 2512 Venere
798 2448 840 2512 dc
865 2447 1084 2512 conciliandis
1108 2450 1194 2515 inter

97 2551 265 2631 utrumque
277 2547 416 2631 nuptiis.
449 2549 575 2613 AEneas
591 2566 632 2612 ac
648 2548 741 2612 Dido
755 2554 910 2614 venannn
925 2548 1062 2626 abeunt,
1077 2551 1193 2616 subor-

97 2651 190 2731 iaqnc
204 2647 346 2712 sunonis
360 2649 485 2714 artibus
499 2655 706 2732 tempestate,
719 2651 912 2733 confugiunt
921 2651 956 2714 in
970 2655 1113 2716 antrum:
1129 2653 1193 2718 ibi·

98 2747 234 2833 demque
258 2747 380 2814 falsum
413 2749 496 2816 illud
523 2749 769 2836 infaustumque
797 2753 987 2836 conjugium
1015 2752 1192 2836 perficitur.

97 2847 220 2929 Iarbas,
235 2849 434 2916 Getulorum
453 2872 525 2930 rex,
536 2851 638 2918 «lovis
653 2849 825 2918 Ammonis
843 2851 943 2930 iilius,
960 2851 1103 2918 Didonis
1116 2875 1192 2938 pro·

97 2971 159 3032 cns,
176 2953 341 3018 advenam
360 2953 426 3017 sibi
444 2953 591 3036 praeferri
609 2954 796 3037 indignans,
812 2955 902 3039 apud
916 2953 1035 3018 Iovem
1050 2958 1194 3038 graviter

97 3056 249 3140 queritur.
293 3053 439 3139 Jupiter,
454 3063 488 3120 et
501 3057 573 3139 ejus
588 3057 754 3140 procilius,
770 3063 804 3122 et
824 3055 903 3122 fatis
923 3051 1125 3138 urgentibus
1135 3059 1192 3124 ad-

97 3155 222 3236 ductus,
235 3157 435 3224 Memmium
450 3158 492 3224 ad
507 3159 647 3240 AEneam
661 3160 772 3238 mittit,
788 3161 846 3244 qui
863 3179 937 3226 eum
958 3159 1049 3224 abire
1070 3161 1105 3224 in
1124 3161 1193 3229 Ita-

95 3255 168 3321 liam
188 3259 318 3342 jnbcat.
362 3258 467 3324 Perat
489 3259 576 3324 clam
602 3259 729 3324 AEneas
747 3261 857 3325 omnia
880 3259 924 3324 ad
946 3260 1192 3340 navigationem

95 3361 296 3426 neccssaria:
319 3360 410 3444 quod
425 3361 598 3444 suspicata
614 3361 717 3440 Dido,
732 3361 884 3445 precibus
906 3365 940 3424 et
958 3357 1114 3442 lacrymis
1137 3361 1197 3426 dc-'

96 3469 210 3530 terrere
224 3483 301 3530 enm
314 3464 357 3528 ab
373 3465 518 3546 incepto,
534 3467 604 3528 tum
617 3483 740 3548 perse,
760 3468 829 3528 inm
845 3481 904 3546 per
926 3479 1072 3526 sororem
1093 3481 1192 3528 cona-

95 3569 152 3629 tnr.
198 3565 325 3628 AEncas
340 3565 457 3627 iterum
471 3583 493 3628 a
508 3563 678 3628 Mercurio
694 3564 727 3635 in
746 3563 869 3627 somnis
883 3560 1081 3656 admonitus?
1096 3569 1193 3629 nocis

94 3665 287 3752 intempesta
300 3664 462 3730 anchoras
476 3665 588 3732 solvit.
612 3665 715 3742 Dido,
725 3663 849 3730 doloris
862 3663 1050 3747 impatiens,
1061 3671 1193 3730 extruc-

94 3772 155 3834 larn
165 3769 371 3834 §mulatione
382 3769 469 3839 sacri
480 3768 602 3852 magici
612 3787 729 3852 pyram
740 3768 978 3844 conscendens,
987 3769 1063 3850 ipso
1076 3765 1192 3830 AEneae

94 3867 199 3949 gladio
214 3869 281 3934 sibi
294 3870 399 3934 vitam
412 3867 536 3933 adimit.

132 3967 230 4034 Unus
243 3967 299 4034 hic
314 3989 333 4032 e
345 3968 440 4034 libris
455 3969 610 4034 omnibus
629 3967 807 4052 plurimum
821 3970 899 4034 artis
913 3969 1065 4032 habetne
1079 3963 1192 4028 suavi-

96 4072 180 4148 laiiu,
190 4076 367 4155 modisque
380 4072 481 4138 animi
494 4073 686 4138 tenerrimos
694 4091 846 4157 quosque
860 4090 901 4136 ac
913 4065 1190 4134 violentissimos:

97 4172 273 4250 presertim
302 4172 337 4234 in
366 4176 443 4236 octo
467 4171 611 4237 Didonis
634 4173 851 4251 orationibus,
875 4171 998 4254 quibus
1025 4167 1056 4234 1.
1077 4167 1200 4234 Sorori¹

127 4285 210 4352 velpa
219 4293 243 4338 ei
258 4288 316 4338 Vcr.
327 4288 390 4338 cras.
599 4287 670 4354 Virg.
1080 4285 1126 4360 ld
1192 4297 1201 4310 “
