2854 4774
314 957 361 1034 P.
387 959 623 1040 VIRGlLlI
653 968 910 1050 MARONIS

223 1321 964 1472 AENEIDOS

421 1715 672 1810 LIBER
734 1723 797 1811 V.

495 2025 707 2040 m

426 2214 791 2282 ARGUMENTUM.

63 2385 230 2487 AEuees,
242 2427 261 2472 e
273 2406 424 2492 Libyuin
438 2405 572 2472 Iteliem
586 2407 759 2489 navigeris,
773 2405 944 2475 deflectere
959 2409 994 2473 in
1009 2409 1158 2480 Siciliam

64 2509 93 2572 ri
106 2509 313 2594 tempestatis
328 2508 475 2590 cogitur:
499 2507 556 2571 ubi
573 2507 616 2572 ab
631 2503 753 2573 Aceste
765 2507 914 2594 'l'rojuuo
928 2511 1085 2578 bmevole
1100 2533 1159 2578 ex·

63 2618 195 2692 oeptus3
218 2609 320 2694 patri,
341 2627 440 2693 quem
463 2608 533 2674 illle
552 2611 719 2693 superiore
742 2629 831 2675 enno
852 2631 942 2676 mors
964 2614 1157 2691 abstulerat,

64 2713 314 2776 mniversertum
343 2709 487 2774 celebret
507 2707 650 2788 suerrum,
671 2709 833 2794 ludosque
853 2717 1002 2795 quatuor,
1027 2733 1158 2779 eorsum

62 2813 220 2888 navalem,
236 2831 278 2876 ec
302 2809 499 2894 pedestrem,
525 2813 672 2874 cestuum
695 2829 851 2894 pugnum,
875 2813 1069 2893 sagittarum
1091 2813 1159 2898 eja-

63 2912 267 2988 culetionem,
299 2913 418 2994 quibus
445 2909 541 2975 eddit
566 2907 732 2975 Aseeuius
760 2917 945 2996 equestrem
973 2913 1157 2980 decursum.

64 3009 359 3097 leterimTrojeuae
382 3011 546 3088 mulieres,
570 3009 710 3076 lunonis
732 3011 890 3095 impulsu,
904 3011 1032 3076 hortatu
1046 3011 1157 3091 Iridis,

64 3116 153 3182 tedio
177 3115 411 3198 navigationis,
438 3112 615 3178 incendunt
636 3132 759 3178 neves:
780 3133 919 3197 querum
945 3121 1086 3198 quatuor
1099 3136 1158 3181 ex·

63 3225 201 3296 uruntur,
231 3223 348 3282 cetere
372 3217 523 3280 immisse
540 3235 562 3280 a
584 3214 672 3280 Jove
685 3214 802 3298 pluvie
821 3219 1001 3280 serventur.
1047 3214 1158 3294 Quare

61 3319 167 3385 suadet
182 3321 301 3384 AEneee
312 3315 456 3395 Nautes,
469 3323 515 3395 ut,
526 3323 645 3382 evecto
658 3335 771 3380 secum
781 3315 942 3399 juvenum
951 3316 1041 3392 llere,
1056 3332 1154 3380 senes

64 3437 96 3482 ec
110 3419 263 3484 mulieres
284 3418 320 3482 iu
338 3417 456 3484 Sicilie
477 3417 649 3502 relinquet.
695 3415 822 3480 Firmet
840 3415 875 3480 id
895 3415 1072 3480 eonsilium
1087 3411 1157 3479 An-

64 3519 163 3586 chises
184 3521 220 3584 in
242 3521 386 3586 somnis:
408 3519 561 3603 idemque
585 3517 705 3584 suedet
727 3518 858 3594 AEneae‚
884 3523 922 3581 ut
941 3517 1100 3600 appulsus
1120 3515 1155 3584 iu

64 3617 190 3688 lmliem
204 3621 304 3686 udeet
316 3621 498 3705 Sibyllam
520 3639 626 3704 eeque
649 3621 735 3686 duee
749 3618 931 3685 descendet
949 3618 994 3683 ed
1017 3618 1156 3698 lusores,

64 3722 111 3788 ubi
123 3729 335 3808 posterorum
349 3722 465 3786 seriem
478 3725 512 3786 et
534 3729 673 3787 eventus
687 3721 872 3786 dooebitru.
917 3719 1017 3788 Peret
1031 3721 1156 3784 AEnees

63 3827 156 3904 petris
178 3824 325 3901 monitis,
339 3827 373 3887 et
394 3822 528 3888 conditu
552 3823 587 3886 in
610 3821 727 3887 Sicilie
748 3822 829 3886 urbe
843 3819 980 3898 Aceste,
997 3821 1156 3904 Neptuno

63 3941 111 4006 per
137 3923 306 3990 Venerem
327 3921 515 3999 conciliato,
539 3921 641 3987 solvit
664 3922 698 3986 in
720 3920 869 3988 Iteliem:
906 3942 973 4006 quo
995 3923 1029 3985 iu
1057 3937 1155 3984 cursu
1230 3934 1234 3942 “

64 4021 231 4090 l’elinurus
241 4025 337 4088 nevis
348 4023 551 4107 gubernetur
559 4021 722 4088 dormiens
735 4023 770 4086 iu
783 4043 874 4087 mere
887 4022 1062 4087 excutitur.
1086 4019 1154 4084 De-

62 4121 191 4190 liueutus
205 4130 259 4190 est
277 4123 333 4188 hic
356 4125 438 4188 liber
462 4123 506 4187 ed
526 4125 715 4208 exemplum
737 4123 812 4188 libri
828 4123 928 4188 lliud.
955 4137 1072 4186 xxm.
1095 4119 1153 4186 ubi

63 4223 123 4292 ludi
144 4229 188 4294 eb
201 4225 336 4294 Achille
346 4225 390 4292 ud
404 4225 565 4292 tumulum
578 4223 725 4294 Patrocli
740 4219 953 4292 celebrantur.
