2842 4794
503 863 548 938 r.
575 841 811 941 vraormr
842 863 1101 946 unapars
1168 872 1176 883 “

433 1175 533 1311 AE
573 1177 645 1312 N
693 1179 848 1313 EI
894 1183 969 1314 D
1012 1184 1079 1314 Ο
1122 1184 1166 1318 S

555 1537 818 1630 arnna
868 1541 1041 1632 vur.

682 1915 925 1942 ...nna—..uh

590 2179 1005 2295 Aaouunnruu.

289 2463 452 2528 'suanus
476 2457 644 2526 Venulum
666 2461 711 2527 ad
732 2459 932 2527 Diomedem
944 2461 1058 2542 mittit,
1071 2469 1109 2529 ut
1122 2481 1199 2529 enm
1215 2463 1259 2530 ad
1273 2463 1349 2532 belli

247 2564 441 2630 societatem
468 2561 608 2629 alliciat.
660 2563 799 2640 AEneaa
823 2563 983 2648 lybani
1008 2565 1103 2629 duvii
1127 2565 1268 2645 monitu,
1293 2569 1349 2631 iter

246 2662 364 2728 eodem
378 2662 519 2728 consilio
533 2665 678 2749 suscipit
690 2664 735 2728 ad
749 2663 961 2728 Evandrum:
983 2665 1040 2748 qui
1053 2683 1098 2728 ex
1111 2661 1264 2730 Aroadia
1275 2683 1347 2750 pro·-

245 2763 343 2846 fugus
357 2764 391 2828 in
405 2763 562 2830 Palatino
574 2770 686 2829 monte
700 2763 908 2830 consederat
952 2762 1119 2843 Evander,
1141 2766 1251 2830 sacris
1265 2765 1348 2832 Her·

246 2864 331 2929 culis
345 2871 414 2930 turn
428 2867 585 2944 intentus,
600 2865 743 2931 Auream
756 2865 877 2930 iisdem
887 2865 1042 2930 adhibet:
1064 2885 1179 2932 eorum
1189 2853 1348 2950 originem

244 2963 372 3043 edocet,
396 2965 569 3030 victoriam
583 2964 714 3031 scilicet
728 2965 887 3032 Herculia
906 2965 1068 3046 deliaco,
1091 2967 1236 3050 regionis
1262 2969 1347 3036 illiue

245 3065 367 3148 insigni
402 3065 483 3131 olim
511 3064 679 3149 praedone.
734 3067 823 3132 Tum
858 3067 1002 3132 lllueam
1036 3067 1347 3150 quadringentorum

244 3167 393 3251 equitnm
408 3165 561 3233 subsidio
576 3168 696 3253 juvat:
718 3167 836 3232 iisdem
858 3166 1048 3232 Pallantem
1070 3167 1174 3232 lilium
1187 3167 1344 3252 praefinit:

244 3268 387 3334 AEueam
401 3267 444 3333 ad
464 3267 662 3353 Tyrrhenos,
686 3267 829 3352 expulso
853 3267 1023 3334 Mezentio
1035 3287 1144 3352 regem
1158 3275 1344 3352 poscentes,

244 3389 321 3434 cum
344 3377 435 3436 certa
456 3371 547 3454 regni
560 3370 741 3454 auxiliique
760 3389 821 3453 spe
842 3369 989 3436 dimittit.
1034 3369 1159 3434 ΕΔΜ
1172 3370 1344 3454 postridie,

244 3475 339 3552 parte
353 3472 458 3536 altero
471 3472 644 3554 copiarum
655 3470 802 3535 secundo
813 3471 948 3534 flumine
959 3470 1004 3534 ad
1016 3489 1097 3534 suos
1107 3471 1261 3548 remissa,
1271 3489 1342 3536 eum

245 3571 349 3635 altera
373 3569 561 3654 Tyrrhenos
584 3572 665 3637 adit.
723 3571 858 3636 Interim
885 3570 1000 3636 Venus
1024 3589 1117 3636 arma
1140 3571 1260 3638 AEueae
1285 3591 1342 3637 sno

243 3670 356 3750 defert,
384 3691 406 3734 a
431 3670 587 3736 Vulcano
615 3673 797 3738 fabricata:
835 3672 989 3758 clypeum
1024 3673 1187 3755 inprimis,
1216 3675 1251 3738 in
1280 3693 1342 3760 qno

244 3773 369 3838 AEnean
382 3792 435 3836 res
448 3773 610 3856 praeclare
624 3773 702 3839 olim
718 3773 877 3856 gerendas
891 3792 913 3836 a
926 3771 1090 3838 Romanis
1104 3775 1250 3858 posteris
1263 3775 1342 3840 mira

243 3881 313 3940 arte
336 3874 475 3939 ooelatnn
499 3873 691 3938 admiratur.
735 3874 934 3958 Praecipuus
953 3893 995 3938 eo
1015 3877 1049 3938 in
1071 3895 1171 3960 opera
1184 3875 1282 3941 locus
1295 3881 1342 3940 est

242 3973 416 4059 August03
439 3974 536 4060 cujus
550 3975 713 4057 egregiam
727 3975 768 4039 de
783 3973 930 4039 Antonio
952 3983 986 4040 et
1007 3975 1188 4060 Cleopatra
1207 3976 1341 4062 AEgypti

242 4077 354 4156 regina
366 4077 554 4154 victoriam,
570 4077 800 4162 triplicemque
811 4077 1026 4162 trimnphum,
1038 4077 1229 4161 diligentius
1243 4075 1341 4164 potu

243 4174 412 4243 describit.
